
@book{anastasiosHexaemeron2008,
  title = {Hexaemeron},
  author = {Anastasios, Sinaites},
  date = {2008},
  publisher = {{PontIstOrientale}},
  location = {{Roma}},
  abstract = {Text altgriech. und engl., Literaturverz. S. [LXVIII] - LXXXII},
  editora = {Kuehn, Clement A.},
  editoratype = {collaborator},
  keywords = {Hexaemeron ; Exegese ; Geschichte 650-700 ; Quelle},
  langid = {eng;gre},
  number = {278},
  pagetotal = {lxxxii+495},
  series = {Orientalia Christiana analecta}
}

@book{andersonBookMirrorInterdisciplinary2007,
  title = {The Book of the Mirror: An Interdisciplinary Collection Exploring the Cultural History of the Mirror},
  shorttitle = {The Book of the Mirror},
  author = {Anderson, Miranda.},
  date = {2007},
  publisher = {{Scholars Press}},
  location = {{Cambridge}},
  url = {https://catalog.hathitrust.org/Record/005668120},
  urldate = {2020-11-01},
  file = {C\:\\Users\\Eirini\\Zotero\\storage\\GADQBEDZ\\005668120.html},
  isbn = {978-1-84718-193-0},
  keywords = {Cultural history,History.,Mirror,Mirrors,Mirrors in art.,Mirrors in literature.},
  pagetotal = {x, 183 p.}
}

@book{avenariusByzantineStruggleIcon2005,
  title = {The {{Byzantine}} Struggle over the Icon: On the Problem of {{Eastern European}} Symbolism},
  shorttitle = {The {{Byzantine}} Struggle over the Icon},
  author = {Avenarius, Alexander},
  date = {2005},
  publisher = {{Academic Electronic Press ua}},
  location = {{Bratislava}},
  abstract = {Aus d. Slowak. übers., Quellen- u. Literaturverz. S. 183 - 202. - Bibliogr. A. Avenarius S. 207 - 210},
  isbn = {978-80-88880-66-0},
  keywords = {Byzantinisches Reich ; Bilderstreit,Byzanz ; Bilderstreit ; Geschichte,Russland ; Ikonenmalerei ; Geschichte 1300-1918,Südosteuropa ; Ikonenmalerei ; Geschichte 600-1200},
  langid = {english},
  number = {23},
  pagetotal = {210},
  series = {Studia Historica {{Slovaca}}}
}

@book{avenariusByzantskyIkonoklazmus7268431998,
  title = {Byzantský Ikonoklazmus 726-843 : Storočie Zápasu o Ikonu},
  shorttitle = {Byzantský Ikonoklazmus 726-843},
  author = {Avenarius, Alexander},
  date = {1998},
  publisher = {{Veda}},
  url = {https://is.muni.cz/publication/1193531/en/Byzantsky-ikonoklazmus-726-843-storocie-zapasu-o-ikonu/Avenarius},
  urldate = {2020-11-01},
  file = {C\:\\Users\\Eirini\\Zotero\\storage\\EP9NY3IA\\1193531.html},
  isbn = {978-80-224-0582-9},
  langid = {english}
}

@book{jeffreysDigenisAkritisGrottaferrata1998,
  title = {Digenis Akritis: the Grottaferrata and Escorial versions},
  shorttitle = {Digenis Akritis},
  author = {Jeffreys, Elizabeth},
  date = {1998},
  edition = {1. publ..},
  publisher = {{Cambridge UnivPr}},
  location = {{Cambridge [u.a.]}},
  abstract = {Text teilw. engl., teilw. griech. u. engl., Literaturverz. S. 376 - 386},
  isbn = {978-0-521-39472-7},
  keywords = {Byzantine literature ; Criticism; Textual,Digenis Akritas (Legendary character) ; Poetry,Digenis Akritas; Epos,Epic poetry; Byzantine ; Criticism; Textual},
  langid = {grc;eng},
  number = {7},
  pagetotal = {lxii+398},
  series = {Cambridge medieval classics}
}

@book{omearaNeoplatonismChristianThought1981,
  title = {Neoplatonism and {{Christian}} Thought},
  editor = {O'Meara, Dominic J and {Conference on "Neoplatonism and Christian Thought"}},
  date = {1981},
  publisher = {{International Society for Neoplatonic Studies ; State University of New York Press [distributor}},
  location = {{Norfolk, Va.; Albany, N.Y.}},
  annotation = {OCLC: 7462223},
  isbn = {978-0-87395-492-1 978-0-87395-493-8},
  langid = {english}
}

@inproceedings{papaioannouByzantineMirrorsSelfReflection2010,
  title = {Byzantine {{Mirrors}}: {{Self}}-{{Reflection}} in {{Medieval Greek Writing}}},
  shorttitle = {Byzantine {{Mirrors}}},
  author = {Papaioannou, Stratis},
  date = {2010},
  volume = {64},
  pages = {81--101},
  publisher = {{Dumbarton Oaks Research Library and Collection}},
  issn = {0070-7546},
  keywords = {Emperors ; Mirroring ; Metaphors ; Ceremonies ; Visual fixation ; Subjectivity ; Images ; Poetry ; Mirrors ; Medieval literature},
  langid = {english}
}

@book{reussJohannesKommentareAusGriechischen1966,
  title = {Johannes-Kommentare aus der griechischen Kirche},
  author = {Reuß, Joseph},
  date = {1966},
  publisher = {{Akad-Verl}},
  location = {{Berlin}},
  abstract = {Literaturangaben},
  keywords = {Bibel; Johannesevangelium ; Katene ; Quelle,Bibel; Johannesevangelium ; Kommentar,Bible. N.T. John,Johannes; Evangelist; Heiliger ; Evangelium ; Kommentar ; Griechisch,Katenen-Hss. ; Johannes; Evangelist; Heiliger},
  langid = {german},
  number = {89},
  pagetotal = {xxxv+494},
  series = {Texte und Untersuchungen zur Geschichte der altchristlichen Literatur}
}

@book{sbordonePhysiologus1936,
  title = {Physiologus},
  author = {Sbordone, Francesco},
  date = {1936},
  publisher = {{Soc"Dante Alighieri - Albrighi, Segati}},
  location = {{Mediolani [u.a.]}},
  abstract = {Teilw. in griech. Schr.},
  langid = {lat;gre},
  pagetotal = {cxix+332}
}


